@misc{WEB1,
title = {Les opportunités de réduction de consommation d’énergie de vos salles serveurs},
note = {\url{http://www.sequovia.com/les-opportunites-de-reduction-de-consommation-d-energie-de-vos-salles-serveurs.php} consulté le 10/02/2014}
}
@article{ref2,
author = {J Koomey AND S Berard AND M Sanchez AND H Wong},
title = {Assessing trends in the electrical efficiency of computation over time},
journal = {IEEE Annals of the History of Computing},
year = {2009},
month = {August},
note =  {\url{http://download.intel.com/pressroom/pdf/computertrendsrelease.pdf} consulté le 25/01/2014}
}

@report{ref3,
author = {US Environmental Protection AGENCY},
title = {Report to Congress on Server and Data Center Energy},
year = {2007},
month = {août},
note = {\url{http://www.energystar.gov/ia/partners/prod_development/downloads/EPA_Report_Exec_Summary_Final.pdf} consulté le 3/02/2014}
}

@misc{WEB4,
title = {Greenpeace International. Make IT Green : Cloud Computing and its Contribution to
Climate Change},
year = {2010},
note = {\url{http://www.greenpeace.org/usa/en/mediacenter/reports/makeit-
greencloudcomputing/} consulté le 16/02/2014}

}
@misc{WEB5,
title = {Top 500 Supercomputer sites. Top 500 supercomputer list of june 2012.},
note = {\url{http://www.top500.org/lists/2012/06}}
}

@article{ref6,
author = {J GLANZ},
title = {The Cloud Factories : Power, Pollution and the Internet},
journal = {New York Times},
year = {2012},
month = {Septembre},
note =  {\url{http://www.nytimes.com/2012/09/23/technology/data-centers-waste-vast-amounts-of-energy-belying-industry-image.html} consulté le 28/01/2014}
}

@misc{WEB7,
title = {Le Green IT: Le Power Usage Effectiveness (PUE)},
note =  {\url{http://www.greenvision.fr/menu-greenit/menu-pue} consulté le 5/03/2014}
}

@report{ref8,
author = {S Karayi},
title = {Rapport sur l'efficacité énergétique des serveurs de 1E},
institution = {1E},
year = {2009},
note =  {\url{http://www.1e.com/download/9291_1E_Server_FR.pdf} consulté le 20/02/2014}
}

@InProceedings{ref9,
author = {J Pierson AND H Casanova},
title = {On the utility of dvfs for power-aware job placement in clusters},
booktitle = {Proceedings of the 17th international conference on Parallel processing},
pages = {255-266},
year = {2011},
volume = {Part I},
address = {Berlin, Heidelberg},

}

@InProceedings{ref10,
author = {T Burd AND R Brodersen},
title = {Design issues for dynamic voltage scaling},
booktitle = {Proceedings of the 2000 international symposium on Low power electronics and design},
pages = {9-14},
year = {2000},
address = {New York, NY, USA},

}

@InProceedings{ref11,
author = {J H Schönherr AND J Richling AND M Werner AND G Mühl},
title = {Event-driven processor power management},
booktitle = {Proceedings of the 1st International Conference on Energy-
Efficient Computing and Networking},
pages = {61-70},
year = {2010},
volume = {e-Energy '10},
address = {New York, NY, USA},

}

@InProceedings{ref12,
author = {S Huang AND W Feng},
title = {Energy-efficient cluster computing via accurate workload characterization},
booktitle = {Proceedings of the 2009 9th IEEE/ACM International Symposium on Cluster Computing and the Grid},
pages = {68-75},
year = {2009},
series = {CCGRID '09},
address = {Washington, DC, USA},

}

@InProceedings{ref13,
author = {D H Bailey AND E Barszcz AND J T Barton AND D S Browning AND R L Carter AND L Dagum AND R A Fatoohi AND P O Frederickson AND T A Lasinski AND R S Schreiber AND H D Simon AND V Venkatakrishnan AND S K Weeratunga},
title = {The nas parallel benchmarks, summary and preliminary results},
booktitle = {Proceedings of the 1991 ACM/IEEE conference on Supercomputing},
pages = {158-165},
year = {1991},
series = {Supercomputing '91},
address = {New York, NY, USA},

}

@InProceedings{ref14,
author = {D Zhu AND R Melhem AND D. Mosse},
title = {The effects of energy management on reliability
in real-time embedded systems},
booktitle = {Proceedings of the 2004 IEEE/ACM International
conference on Computer-aided design},
pages = {35-40},
year = {2004},
series = {ICCAD '04},
address = {Washington, DC, USA},

}

@Article{ref15,
author = {C Gunaratne AND K Christensen AND B Nordman AND S Suen},
title = {Reducing the energy consumption of ethernet with adaptive link rate (ALR)},
journal = {IEEE Transactions on
Computers},
year = {2008},
volume = {57},
number = {4},
pages = {448-461}
}

@InProceedings{ref16,
author = {Y Abe AND H Sasaki AND M Peres AND K Inoue AND K Murakami AND S Kato.},
title = {Power and performance analysis of gpu-accelerated systems},
booktitle = {Proceedings of the 2012 USENIX conference on Power-Aware Computing and Systems},
pages = {10-10},
year = {2012},
series = {HotPower'12},
address = {Berkeley, CA, USA},

}

@InProceedings{ref17,
author = {T V T Duy AND Y Sato AND Y Inoguchi},
title = {Performance evaluation of a Green Scheduling Algorithm for energy savings in Cloud computing},
booktitle = {Parallel kamp ; Distributed Processing, Workshops and Phd Forum (IPDPSW) ,2010 IEEE International Symposium on},
pages = {1-8},
year = {2010},
month = {April},
}

@InProceedings{ref18,
author = {D Niyato AND S Chaisiri AND L B Sung},
title = {Optimal power management for server farm to support green computing},
booktitle = {Proceedings of the 2009 9th IEEE/ACM International Symposium on Cluster Computing and the Grid},
year = {2009},
series = {CCGRID '09},
address = {Washington, DC, USA},

}

@InProceedings{ref19,
author = {L Lefèvre AND A C Orgerie},
title = {Designing and Evaluating an Energy Efficient Cloud},
booktitle = {Journal of Supercomputing},
pages = {352-373},
year = {2010},
number = {51},

}

@InProceedings{ref20,
author = {J Hikita AND A Hirano AND H Nakashima},
title = {Saving 200kw and \$200 k/year
by power-aware job/machine scheduling},
booktitle = {Parallel and Distributed Processing Symposium,
International},
pages = {1-8},
year = {2008},
}

@InProceedings{ref21,
author = {S Srikantaiah AND A Kansal AND F Zhao},
title = {Energy aware consolidation for cloud
computing},
booktitle = {Proceedings of the 2008 conference on Power aware computing and systems},
pages = {10-10},
year = {2008},
series = {HotPower'08},
address = {Berkeley, CA, USA},

}

@InProceedings{ref22,
author = {C Dupont AND G Giuliani AND F Hermenier AND T Schulze AND A Somov},
title = {An energy aware framework for virtual machine placement in cloud federated data centres},
booktitle = {roceedings of the 3rd International Conference on Future Energy Systems},
series = {e-Energy 2012},
}

@InProceedings{ref23,
author = {F Hermenier AND X Lorca AND J M Menaud AND G Muller AND J Lawall},
title = {Entropy : a consolidation manager for clusters},
booktitle = {Proceedings of the 2009 ACM SIGPLAN/
SIGOPS international conference on Virtual execution environments},
pages = {41-50},
year = {2009},
series = {VEE '09},
address = {New York, NY, USA},

}

@InProceedings{ref24,
author = {A Singh AND M Korupolu AND D Mohapatra},
title = {Server-storage virtualization : integration and load balancing in data centers},
booktitle = {Proceedings of the 2008 ACM/IEEE conference on Supercomputing},
pages = {1-53},
year = {2008},
series = {SC '08},
address = {Piscataway, NJ, USA},

}


@InProceedings{ref25,
author = {P Barham AND Boris Dragovic AND K Fraser AND S Hand AND T Harris AND A Ho AND R Neugebauer AND
I Pratt AND A Warfield},
title = {Xen and the art of virtualization},
booktitle = {Proceedings of
the nineteenth ACM symposium on Operating systems principles},
pages = {164-177},
year = {2003},
series = {SOSP '03},
address = {New York, NY, USA},

}

@Misc{WEB26,
title = {International Atomic Energy Agency. Power Reactor Information System},
month = {Jan},
year = {2013},
note = {\url{http://pris.iaea.org/PRIS/CountryStatistics/CountryDetails.aspx?current=FR} consulté le 18/03/2014},
}

@InProceedings{ref27,
author = {M Hoyer AND K Schröder AND W Nebel},
title = {Statistical static capacity management
in virtualized data centers supporting fine grained qos specification},
booktitle = {Proceedings of the
1st International Conference on Energy-Efficient Computing and Networking},
pages = {51-60},
year = {2010},
series = {e-Energy '10},
address = {New York, NY, USA},

}

@Article{ref28,
author = {U Drepper},
title = {The cost of virtualization},
journal = {Queue},
year = {2008},
pages = {28-35},
month = {January},
}




@Misc{WEB29,
title = {SPECweb99 Benchmark},
year = {1999-2000},
note = {\url{http://www.spec.org/web99/} consulté le 05/04/2014},
}



@InProceedings{ref30,
author = {C Clark AND K Fraser AND S Hand AND J G Hansen AND E Jul AND C
Limpach AND I Pratt AND A Warfield},
title = {Live migration of virtual machines},
booktitle = {Proceedings
of the 2nd conference on Symposium on Networked Systems Design \& Implementation},
pages = {273-286},
year = {2005},
volume = {2},
series = {NSDI'05},
address = {Berkeley, CA, USA},

}


@InProceedings{ref31,
author = {W Voorsluys AND J Broberg AND S Venugopal AND R Buyya},
title = {Cost of
virtual machine live migration in clouds: A performance evaluation},
booktitle = {Proceedings of the
1st International Conference on Cloud Computing},
pages = {254-265},
year = {2009},
series = {CloudCom '09},
address = {Berlin,
Heidelberg},

}



@InProceedings{ref32,
author = {L Liu AND H Wang AND X Liu AND X Jin AND W B He AND Q B Wang AND Y Chen},
title = {Greencloud : a new architecture for green data center},
booktitle = {Proceedings of the 6th international
conference industry session on Autonomic computing and communications industry
session},
pages = {29-38},
year = {2009},
series = {ICAC-INDST '09},
address = {New York, NY, USA},

}




@InProceedings{ref33,
author = {K Kurowski AND A Oleksiak AND M Witkowski AND J Nabrzyski},
title = {Distributed
power management and control system for sustainable computing environments},
booktitle = {Proceedings
of the International Conference on Green Computing},
pages = {365-372},
year = {2010},
series = {GREENCOMP '10},
address = {Washington, DC, USA},

}



@InProceedings{ref34,
author = {L A B Xiaobo Fan AND W D Weber.},
title = {Power provisioning for a warehousesized
computer},
booktitle = {Proceedings of the 34th Annual Intl. Symp. On Computer
Architecture},
pages = {41},
year = {2007},
month = {June},
}



@InProceedings{ref35,
author = {D Kusic AND J O Kephart AND G Jiang},
title = {Power and performance
management of virtualized computing environments via lookahead control},
booktitle = {Proceedings of the 34th Annual Intl. Symp. On Computer Architecture },
pages = {41},
year = {2008},
month = {September},
}



@Article{ref36,
author = {H D Richa Sinha AND N Purohit},
title = {Energy efficient dynamic integration of thresholds
for migration at cloud data centers},
journal = {Special Issue of International Journal of Computer
Applications on Communication and Networks},
year = {2011},
number = {11},
month = {Décembre}

}


@InProceedings{ref37,
author = {K L Teh Lee AND H Huang},
title = {Dynamic resource management for energy saving
in the cloud computing environment},
booktitle = {Proceedings of the International Conference on Information Science and Industrial Applications},
pages = {176-181},
year = {2012},
volume = {04},
month = {May},
}




@InProceedings{ref38,
author = {W Voorsluys},
title = {Cost of virtual machine live migration in
clouds: A performance evaluation},
booktitle = {Proceedings of the 1st international conference on Cloud Computing},
pages = {254-265},
year = {2009},
}




@Misc{ref39,
author = {Wikipedia},
title = {Java, },
year = {2014},
note = {consulté le 14/04/2014 sur \url{http://fr.Wikipédia.org/
wiki/Java_(langage)}.},
}

@Misc{ref40,
author = {IPETI},
title = {definition de langage java java script },
year = {2010},
note = {consulté le 10/03/2014 sur \url{http://
ipeti.forumpro.fr/t21-definition-de-langage-java-java-script}},
}



@Misc{ref41,
author = {R N Calheiros AND R Ranjan},
title = {Cloudsim : A toolkit for modeling and simulation of
cloud computing environments and evaluation of resource provisioning algorithms},
year = {2010},
}



@Article{ref42,
author = {A Beloglazov AND J Abawajy
AND R Buyya},
title = {Energy-aware resource allocation heuristics for efficient management of data centers for Cloud computing},
journal = {Future Generation Computer Systems},
year = {2012},
volume = {28},
number = {5},
pages = {755–768},
month = {May},
}



@InProceedings{ref43,
author = {A Beloglazov AND R Buyya},
title = {Adaptive threshold-based approach for energy-efficient consolidation of virtual machines in cloud data centers},
booktitle = {Proceedings of the 8th International Workshop on Middleware for Grids, Clouds and e-Science},
year = {2010},
number = {4},
address = {New York, NY, USA},
}



@Article{ref44,
author = {R Sinha AND N Purohit AND H Diwanji},
title = {Power Aware Live Migration for Data Centers in Cloud using Dynamic Threshold},
journal = {International Journal of Computer Technology and Applications },
year = {2011},
volume = {2},
number = {6},
pages = {2041-2046},
}


@TechReport{ref45,
author = {R R Rodrigo AND N Calheiros},
title = { Cloudsim : A toolkit for modeling and simulation of
cloud computing environments and evaluation of resource provisioning algorithms},
institution = {Cloud Computing and Distributed Systems (CLOUDS) Laboratory},
year = {2010},
}


@Booklet{WEB46,
title = {Datacenters et développement durable : Etat de l'art et perspectives},
howpublished = {Syntec Numérique},
year = {2011},
}



@Booklet{WEB47,
title = {Guide d’achat et de gestion des équipements et des infrastructures pour des serveurs sobres en énergie},
author = {B Schäppi AND
T Bogner AND
B Przywara 
S Weeren AND
F Bellosa AND
A Anglade AND
B Harrison},
}


@article{ref48,
  added-at = {2010-04-06T16:41:10.000+0200},
  author = {Koomey, J G},
  biburl = {http://www.bibsonomy.org/bibtex/296e124631af9aa9520f55c148fe51998/chesteve},
  interhash = {24ae0c711e7dda42bd61683e3280bc10},
  intrahash = {96e124631af9aa9520f55c148fe51998},
  journal = {Environmental Research Letters},
  keywords = {imported},
  number = 3,
  pages = {034008 (8pp)},
  timestamp = {2010-04-06T16:41:10.000+0200},
  title = {Worldwide electricity used in data centers},
  url = {http://stacks.iop.org/1748-9326/3/034008},
  volume = 3,
  year = 2008
}

@article{EPA_2007,
title={Report to Congress on Server and Data Center Energy Efficiency: Public Law 109- 431},
url={http://www.energystar.gov/ia/partners/prod\_development/downloads\\
    /EPA\_Datacenter\_Report\_Congress\_Final1.pdf},
publisher={US Environmental Protection Agency},
year={2007}}

